<collection xmlns="http://www.loc.gov/MARC21/slim">
<record>
  <leader>01703nam0a2200325 i 450 </leader>
  <controlfield tag="001">IT\ICCU\CNCE\012969</controlfield>
  <controlfield tag="005">20010504000000.0</controlfield>
  <datafield tag="012" ind1=" " ind2=" ">
    <subfield code="a">umm. m.*. s.*. s.i. (C) 1563 (R)</subfield>
    <subfield code="2">fei</subfield>
  </datafield>
  <datafield tag="100" ind1=" " ind2=" ">
    <subfield code="a">19970101d1563        0itac0103    ba</subfield>
  </datafield>
  <datafield tag="101" ind1=" " ind2=" ">
    <subfield code="a">LAT</subfield>
  </datafield>
  <datafield tag="102" ind1=" " ind2=" ">
    <subfield code="a">IT</subfield>
  </datafield>
  <datafield tag="200" ind1="1" ind2=" ">
    <subfield code="a">Nomina, cognomina patriae, dignitates, ac promotiones illustris. et reuerendiss. patrum, qui conuenerunt ad Concilium Tridentinum. Nunc paulo emendatius collecta per alphabetum redacta</subfield>
  </datafield>
  <datafield tag="210" ind1=" " ind2=" ">
    <subfield code="a">Patauii</subfield>
    <subfield code="c">apud Christophorum Gryphium</subfield>
    <subfield code="d">1563</subfield>
  </datafield>
  <datafield tag="215" ind1=" " ind2=" ">
    <subfield code="a">\8! c.</subfield>
    <subfield code="d">4ʻ</subfield>
  </datafield>
  <datafield tag="620" ind1=" " ind2=" ">
    <subfield code="a">IT</subfield>
    <subfield code="d">Padova</subfield>
  </datafield>
  <datafield tag="710" ind1="1" ind2="2">
    <subfield code="a">Concilio di Trento</subfield>
    <subfield code="c"> &lt;1545-1563&gt;</subfield>
    <subfield code="3">IT\ICCU\CNCA\003434</subfield>
  </datafield>
  <datafield tag="712" ind1="0" ind2="0">
    <subfield code="a">Griffio, Cristoforo</subfield>
    <subfield code="3">IT\ICCU\CNCT\000878</subfield>
    <subfield code="4">650</subfield>
  </datafield>
  <datafield tag="791" ind1="0" ind2="2">
    <subfield code="a">Concilium Tridentinum</subfield>
    <subfield code="c"> &lt;1545-1563&gt;</subfield>
    <subfield code="3">8382</subfield>
    <subfield code="z">Concilio di Trento &lt;1545-1563&gt;</subfield>
  </datafield>
  <datafield tag="791" ind1="0" ind2="0">
    <subfield code="a">Gryphius, Christophorus</subfield>
    <subfield code="3">IT\ICCU\CNCT\003895</subfield>
    <subfield code="z">Griffio, Cristoforo</subfield>
  </datafield>
  <datafield tag="791" ind1="0" ind2="0">
    <subfield code="a">Grifi, Cristoforo</subfield>
    <subfield code="3">IT\ICCU\CNCT\005050</subfield>
    <subfield code="z">Griffio, Cristoforo</subfield>
  </datafield>
  <datafield tag="791" ind1="0" ind2="0">
    <subfield code="a">Grifo, Cristoforo</subfield>
    <subfield code="3">IT\ICCU\CNCT\005051</subfield>
    <subfield code="z">Griffio, Cristoforo</subfield>
  </datafield>
  <datafield tag="801" ind1=" " ind2="3">
    <subfield code="a">IT</subfield>
    <subfield code="b">ICCU</subfield>
    <subfield code="c">20201114</subfield>
  </datafield>
  <datafield tag="899" ind1=" " ind2=" ">
    <subfield code="a">Biblioteca Apostolica Vaticana. Citt ̉del Vaticano</subfield>
    <subfield code="1">EX0001</subfield>
    <subfield code="2">ZCV 01</subfield>
  </datafield>
  <datafield tag="899" ind1=" " ind2=" ">
    <subfield code="a">Biblioteca francescano-cappuccina provinciale. Milano</subfield>
    <subfield code="1">MI0183</subfield>
    <subfield code="2">ZMI 51</subfield>
  </datafield>
  <datafield tag="899" ind1=" " ind2=" ">
    <subfield code="a">Biblioteca comunale Teresiana. Mantova</subfield>
    <subfield code="1">MN0035</subfield>
    <subfield code="2">LO1 12</subfield>
  </datafield>
  <datafield tag="899" ind1=" " ind2=" ">
    <subfield code="a">Biblioteca nazionale centrale. Roma</subfield>
    <subfield code="1">RM0267</subfield>
    <subfield code="2">BVE CR</subfield>
  </datafield>
  <datafield tag="899" ind1=" " ind2=" ">
    <subfield code="a">Biblioteca dell&apos;Accademia nazionale dei Lincei e Corsiniana. Roma</subfield>
    <subfield code="1">RM0418</subfield>
    <subfield code="2">RML 10</subfield>
  </datafield>
  <datafield tag="899" ind1=" " ind2=" ">
    <subfield code="a">Biblioteca nazionale Marciana. Venezia</subfield>
    <subfield code="1">VE0049</subfield>
    <subfield code="2">VEA BM</subfield>
  </datafield>
  <datafield tag="911" ind1=" " ind2=" ">
    <subfield code="a">Sul front.</subfield>
    <subfield code="9">IT\ICCU\CNCM\000185</subfield>
  </datafield>
  <datafield tag="921" ind1=" " ind2=" ">
    <subfield code="a">IT\ICCU\CNCM\000185</subfield>
    <subfield code="b">Ercole con la clava uccide l&apos;idra di Lerna.</subfield>
    <subfield code="c">V144</subfield>
    <subfield code="d">Dimensioni: 6 x 4,8</subfield>
    <subfield code="f">CLAVA</subfield>
    <subfield code="f">ERCOLE</subfield>
    <subfield code="f">IDRA</subfield>
    <subfield code="g">1557-1577</subfield>
  </datafield>
</record>
</collection>
